<?xml version="1.0" encoding="UTF-8"?>
<record>
  <leader>01838naa#a2200409#c#4500</leader>
  <controlfield tag="003">DE-605</controlfield>
  <controlfield tag="005">20230803175543.0</controlfield>
  <controlfield tag="007">tu</controlfield>
  <controlfield tag="008">200429|2019####gw ###########|||#|#ger#c</controlfield>
  <controlfield tag="001">990366338340206441</controlfield>
  <datafield tag="035" ind1=" " ind2=" ">
    <subfield code="a">(DE-605)HT020441051</subfield>
  </datafield>
  <datafield tag="040" ind1=" " ind2=" ">
    <subfield code="a">6</subfield>
    <subfield code="b">ger</subfield>
    <subfield code="c">DE-605</subfield>
    <subfield code="d">6</subfield>
    <subfield code="d">DE-605</subfield>
    <subfield code="e">rda</subfield>
  </datafield>
  <datafield tag="041" ind1=" " ind2=" ">
    <subfield code="a">ger</subfield>
  </datafield>
  <datafield tag="044" ind1=" " ind2=" ">
    <subfield code="c">XA-DE-NW</subfield>
  </datafield>
  <datafield tag="084" ind1=" " ind2=" ">
    <subfield code="a">Münster</subfield>
    <subfield code="0">https://nwbib.de/spatial#Q2742</subfield>
    <subfield code="2">nwbib</subfield>
  </datafield>
  <datafield tag="084" ind1=" " ind2=" ">
    <subfield code="a">Sprachgeschichte</subfield>
    <subfield code="0">https://nwbib.de/subjects#N742000</subfield>
    <subfield code="2">nwbib</subfield>
  </datafield>
  <datafield tag="084" ind1=" " ind2=" ">
    <subfield code="a">Handschriften</subfield>
    <subfield code="0">https://nwbib.de/subjects#N861020</subfield>
    <subfield code="2">nwbib</subfield>
  </datafield>
  <datafield tag="100" ind1="1" ind2=" ">
    <subfield code="a">Peters, Robert</subfield>
    <subfield code="d">1944-2022</subfield>
    <subfield code="0">(DE-588)128805528</subfield>
    <subfield code="4">aut</subfield>
    <subfield code="0">https://portal.dnb.de/opac.htm?method=simpleSearch&amp;cqlMode=true&amp;query=idn=128805528</subfield>
    <subfield code="0">http://viaf.org/viaf/sourceID/DNB|128805528</subfield>
    <subfield code="B">GND-128805528</subfield>
  </datafield>
  <datafield tag="245" ind1="1" ind2="0">
    <subfield code="a">Von Frenswegen nach Münster</subfield>
    <subfield code="b">zwei Fassungen des Wyngaerden der sele</subfield>
    <subfield code="c">Robert Peters</subfield>
  </datafield>
  <datafield tag="264" ind1=" " ind2="1">
    <subfield code="c">2019</subfield>
  </datafield>
  <datafield tag="336" ind1=" " ind2=" ">
    <subfield code="b">txt</subfield>
  </datafield>
  <datafield tag="337" ind1=" " ind2=" ">
    <subfield code="b">n</subfield>
  </datafield>
  <datafield tag="338" ind1=" " ind2=" ">
    <subfield code="b">nc</subfield>
  </datafield>
  <datafield tag="689" ind1="0" ind2="0">
    <subfield code="a">Pseudo-Veghe</subfield>
    <subfield code="d">ca. 15. Jh.</subfield>
    <subfield code="t">Wyngaerden der sele</subfield>
    <subfield code="D">p</subfield>
    <subfield code="0">(DE-588)1209494418</subfield>
    <subfield code="0">https://portal.dnb.de/opac.htm?method=simpleSearch&amp;cqlMode=true&amp;query=idn=1209494418</subfield>
    <subfield code="0">http://viaf.org/viaf/sourceID/DNB|1209494418</subfield>
    <subfield code="B">GND-1209494418</subfield>
  </datafield>
  <datafield tag="689" ind1="0" ind2="1">
    <subfield code="a">Schriftsprache</subfield>
    <subfield code="D">s</subfield>
    <subfield code="0">(DE-588)4129492-0</subfield>
    <subfield code="0">https://portal.dnb.de/opac.htm?method=simpleSearch&amp;cqlMode=true&amp;query=idn=041294920</subfield>
    <subfield code="0">http://viaf.org/viaf/sourceID/DNB|041294920</subfield>
    <subfield code="B">GND-041294920</subfield>
  </datafield>
  <datafield tag="689" ind1="0" ind2="2">
    <subfield code="a">Sprachvariante</subfield>
    <subfield code="D">s</subfield>
    <subfield code="0">(DE-588)4077741-8</subfield>
    <subfield code="0">https://portal.dnb.de/opac.htm?method=simpleSearch&amp;cqlMode=true&amp;query=idn=040777413</subfield>
    <subfield code="0">http://viaf.org/viaf/sourceID/DNB|040777413</subfield>
  </datafield>
  <datafield tag="689" ind1="1" ind2="0">
    <subfield code="a">Handschrift</subfield>
    <subfield code="g">Bayerische Staatsbibliothek</subfield>
    <subfield code="n">Ms. germ. fol. 549</subfield>
    <subfield code="D">u</subfield>
    <subfield code="0">(DE-588)1209494531</subfield>
    <subfield code="0">https://portal.dnb.de/opac.htm?method=simpleSearch&amp;cqlMode=true&amp;query=idn=1209494531</subfield>
    <subfield code="0">http://viaf.org/viaf/sourceID/DNB|1209494531</subfield>
    <subfield code="B">GND-1209494531</subfield>
  </datafield>
  <datafield tag="689" ind1="1" ind2="1">
    <subfield code="a">Handschrift</subfield>
    <subfield code="g">Landesarchiv Nordrhein-Westfalen. Abteilung Westfalen</subfield>
    <subfield code="n">Mscr. 55</subfield>
    <subfield code="D">u</subfield>
    <subfield code="0">(DE-588)1209494493</subfield>
    <subfield code="0">https://portal.dnb.de/opac.htm?method=simpleSearch&amp;cqlMode=true&amp;query=idn=1209494493</subfield>
    <subfield code="0">http://viaf.org/viaf/sourceID/DNB|1209494493</subfield>
    <subfield code="B">GND-1209494493</subfield>
  </datafield>
  <datafield tag="689" ind1="1" ind2="2">
    <subfield code="a">Sprachvariante</subfield>
    <subfield code="D">s</subfield>
    <subfield code="0">(DE-588)4077741-8</subfield>
    <subfield code="0">https://portal.dnb.de/opac.htm?method=simpleSearch&amp;cqlMode=true&amp;query=idn=040777413</subfield>
    <subfield code="0">http://viaf.org/viaf/sourceID/DNB|040777413</subfield>
  </datafield>
  <datafield tag="689" ind1="1" ind2="3">
    <subfield code="a">Herkunft</subfield>
    <subfield code="D">s</subfield>
    <subfield code="0">(DE-588)4120440-2</subfield>
    <subfield code="0">https://portal.dnb.de/opac.htm?method=simpleSearch&amp;cqlMode=true&amp;query=idn=041204409</subfield>
    <subfield code="0">http://viaf.org/viaf/sourceID/DNB|041204409</subfield>
    <subfield code="B">GND-041204409</subfield>
  </datafield>
  <datafield tag="035" ind1=" " ind2=" ">
    <subfield code="a">(DE-599)HBZHT020441051</subfield>
  </datafield>
  <datafield tag="960" ind1="1" ind2=" ">
    <subfield code="n">NWBib-6</subfield>
  </datafield>
  <datafield tag="964" ind1="0" ind2="s">
    <subfield code="F">051</subfield>
    <subfield code="A">at||||||</subfield>
  </datafield>
  <datafield tag="964" ind1="0" ind2="s">
    <subfield code="F">030</subfield>
    <subfield code="A">a|zur||||||17</subfield>
  </datafield>
  <datafield tag="964" ind1="0" ind2="s">
    <subfield code="F">050</subfield>
    <subfield code="A">a|a|||||||||||</subfield>
  </datafield>
  <datafield tag="773" ind1="0" ind2="8">
    <subfield code="i">Enthalten in</subfield>
    <subfield code="t">Mittelniederdeutsche Studien II / Robert Peters; herausgegeben von Christina Eichhorn-Hartmeyer, Verena Kleymann, Norbert Nagel, Meike Tiedemann</subfield>
    <subfield code="d">Bielefeld, 2019</subfield>
    <subfield code="g">Seite [123]-157</subfield>
    <subfield code="w">(DE-605)HT020023470</subfield>
  </datafield>
  <datafield tag="500" ind1=" " ind2=" ">
    <subfield code="a">Erstveröffentlichung in: Zeitschrift für deutsche Philologie 127, Sonderheft: Der Schreiber als Dolmetscher. Berlin: Erich Schmidt 2008, 87-117</subfield>
  </datafield>
  <datafield tag="MBD" ind1=" " ind2=" ">
    <subfield code="M">49HBZ_NETWORK</subfield>
    <subfield code="i">990366338340206441</subfield>
    <subfield code="n">HBZ Network</subfield>
  </datafield>
  <datafield tag="MNG" ind1=" " ind2=" ">
    <subfield code="c">System</subfield>
    <subfield code="f">HBZ</subfield>
    <subfield code="i">marc21</subfield>
    <subfield code="h">20220208132600.0</subfield>
    <subfield code="k">01</subfield>
    <subfield code="e">false</subfield>
    <subfield code="d">2023-08-03 17:55:44 Europe/Berlin</subfield>
    <subfield code="g">036633834-HBZ01</subfield>
    <subfield code="j">60</subfield>
    <subfield code="a">import</subfield>
    <subfield code="b">2021-04-05 21:48:19 Europe/Berlin</subfield>
  </datafield>
  <datafield tag="GEL" ind1=" " ind2="0">
    <subfield code="a">Handschrift</subfield>
    <subfield code="g">Staatsarchiv, Münster (Westf)</subfield>
    <subfield code="n">Mscr. 55</subfield>
    <subfield code="A">GND</subfield>
    <subfield code="B">GND-1209494493</subfield>
    <subfield code="C">430</subfield>
  </datafield>
  <datafield tag="GEL" ind1=" " ind2="0">
    <subfield code="a">Handschrift</subfield>
    <subfield code="g">Staatsarchiv, Münster (Westf)</subfield>
    <subfield code="n">Mscr. 55 (Depositum des Altertumsvereins)</subfield>
    <subfield code="A">GND</subfield>
    <subfield code="B">GND-1209494493</subfield>
    <subfield code="C">430</subfield>
  </datafield>
  <datafield tag="GSI" ind1="7" ind2=" ">
    <subfield code="a">1209494493</subfield>
    <subfield code="0">http://d-nb.info/gnd/1209494493</subfield>
    <subfield code="2">gnd</subfield>
    <subfield code="A">GND</subfield>
    <subfield code="B">GND-1209494493</subfield>
    <subfield code="C">024</subfield>
  </datafield>
  <datafield tag="GEL" ind1=" " ind2="0">
    <subfield code="a">Handschrift</subfield>
    <subfield code="g">Bayerische Staatsbibliothek</subfield>
    <subfield code="n">mgf 549</subfield>
    <subfield code="A">GND</subfield>
    <subfield code="B">GND-1209494531</subfield>
    <subfield code="C">430</subfield>
  </datafield>
  <datafield tag="GSI" ind1="7" ind2=" ">
    <subfield code="a">1209494531</subfield>
    <subfield code="0">http://d-nb.info/gnd/1209494531</subfield>
    <subfield code="2">gnd</subfield>
    <subfield code="A">GND</subfield>
    <subfield code="B">GND-1209494531</subfield>
    <subfield code="C">024</subfield>
  </datafield>
  <datafield tag="GPN" ind1="0" ind2=" ">
    <subfield code="a">Pseudo-Veghe</subfield>
    <subfield code="d">ca. 15. Jh.</subfield>
    <subfield code="t">De Wyngaerde der sele</subfield>
    <subfield code="A">GND</subfield>
    <subfield code="B">GND-1209494418</subfield>
    <subfield code="C">400</subfield>
  </datafield>
  <datafield tag="GSI" ind1="7" ind2=" ">
    <subfield code="a">1209494418</subfield>
    <subfield code="0">http://d-nb.info/gnd/1209494418</subfield>
    <subfield code="2">gnd</subfield>
    <subfield code="A">GND</subfield>
    <subfield code="B">GND-1209494418</subfield>
    <subfield code="C">024</subfield>
  </datafield>
  <datafield tag="GST" ind1=" " ind2=" ">
    <subfield code="a">Provenienz</subfield>
    <subfield code="A">GND</subfield>
    <subfield code="B">GND-041204409</subfield>
    <subfield code="C">450</subfield>
  </datafield>
  <datafield tag="GST" ind1=" " ind2=" ">
    <subfield code="a">Regionale Herkunft</subfield>
    <subfield code="A">GND</subfield>
    <subfield code="B">GND-041204409</subfield>
    <subfield code="C">450</subfield>
  </datafield>
  <datafield tag="GSI" ind1="7" ind2=" ">
    <subfield code="a">4120440-2</subfield>
    <subfield code="0">http://d-nb.info/gnd/4120440-2</subfield>
    <subfield code="2">gnd</subfield>
    <subfield code="A">GND</subfield>
    <subfield code="B">GND-041204409</subfield>
    <subfield code="C">024</subfield>
  </datafield>
  <datafield tag="GST" ind1=" " ind2=" ">
    <subfield code="a">Sprache</subfield>
    <subfield code="x">Variante</subfield>
    <subfield code="A">GND</subfield>
    <subfield code="B">GND-040777413</subfield>
    <subfield code="C">450</subfield>
  </datafield>
  <datafield tag="GST" ind1=" " ind2=" ">
    <subfield code="a">Sprachvariation</subfield>
    <subfield code="g">synchron</subfield>
    <subfield code="A">GND</subfield>
    <subfield code="B">GND-040777413</subfield>
    <subfield code="C">450</subfield>
  </datafield>
  <datafield tag="GST" ind1=" " ind2=" ">
    <subfield code="a">Varianz</subfield>
    <subfield code="g">Linguistik</subfield>
    <subfield code="A">GND</subfield>
    <subfield code="B">GND-040777413</subfield>
    <subfield code="C">450</subfield>
  </datafield>
  <datafield tag="GST" ind1=" " ind2=" ">
    <subfield code="a">Variation</subfield>
    <subfield code="x">Linguistik</subfield>
    <subfield code="g">synchron</subfield>
    <subfield code="A">GND</subfield>
    <subfield code="B">GND-040777413</subfield>
    <subfield code="C">450</subfield>
  </datafield>
  <datafield tag="GST" ind1=" " ind2=" ">
    <subfield code="a">Varietät</subfield>
    <subfield code="g">Linguistik</subfield>
    <subfield code="A">GND</subfield>
    <subfield code="B">GND-040777413</subfield>
    <subfield code="C">450</subfield>
  </datafield>
  <datafield tag="GST" ind1=" " ind2=" ">
    <subfield code="a">Sprachvarietät</subfield>
    <subfield code="A">GND</subfield>
    <subfield code="B">GND-040777413</subfield>
    <subfield code="C">450</subfield>
  </datafield>
  <datafield tag="GST" ind1=" " ind2=" ">
    <subfield code="a">Sprachvarianten</subfield>
    <subfield code="A">GND</subfield>
    <subfield code="B">GND-040777413</subfield>
    <subfield code="C">450</subfield>
  </datafield>
  <datafield tag="GSI" ind1="7" ind2=" ">
    <subfield code="a">4077741-8</subfield>
    <subfield code="0">http://d-nb.info/gnd/4077741-8</subfield>
    <subfield code="2">gnd</subfield>
    <subfield code="A">GND</subfield>
    <subfield code="B">GND-040777413</subfield>
    <subfield code="C">024</subfield>
  </datafield>
  <datafield tag="GST" ind1=" " ind2=" ">
    <subfield code="a">Geschriebene Sprache</subfield>
    <subfield code="9">v:Quasisynonym</subfield>
    <subfield code="A">GND</subfield>
    <subfield code="B">GND-041294920</subfield>
    <subfield code="C">450</subfield>
  </datafield>
  <datafield tag="GST" ind1=" " ind2=" ">
    <subfield code="a">Schreibsprache</subfield>
    <subfield code="A">GND</subfield>
    <subfield code="B">GND-041294920</subfield>
    <subfield code="C">450</subfield>
  </datafield>
  <datafield tag="GSI" ind1="7" ind2=" ">
    <subfield code="a">4129492-0</subfield>
    <subfield code="0">http://d-nb.info/gnd/4129492-0</subfield>
    <subfield code="2">gnd</subfield>
    <subfield code="A">GND</subfield>
    <subfield code="B">GND-041294920</subfield>
    <subfield code="C">024</subfield>
  </datafield>
  <datafield tag="GSI" ind1="7" ind2=" ">
    <subfield code="a">128805528</subfield>
    <subfield code="0">http://d-nb.info/gnd/128805528</subfield>
    <subfield code="2">gnd</subfield>
    <subfield code="A">GND</subfield>
    <subfield code="B">GND-128805528</subfield>
    <subfield code="C">024</subfield>
  </datafield>
</record>
